@article{article1,
  title={Graph convolutional networks: a comprehensive review},
  author={Zhang, Si and Tong, Hanghang and Xu, Jiejun and Maciejewski, Ross},
  journal={Computational Social Networks},
  volume={6},
  number={1},
  pages={1--23},
  year={2019},
  publisher={SpringerOpen}
}

@article{GCN,
  title={Semi-supervised classification with graph convolutional networks},
  author={Kipf, Thomas N and Welling, Max},
  journal={arXiv preprint arXiv:1609.02907},
  year={2016}
}

@article{GAT,
  title={Graph attention networks},
  author={Veli{\v{c}}kovi{\'c}, Petar and Cucurull, Guillem and Casanova, Arantxa and Romero, Adriana and Lio, Pietro and Bengio, Yoshua},
  journal={arXiv preprint arXiv:1710.10903},
  year={2017}
}


